%
% CERN@school bibliography
%
%
%------------------------------------------------------------------------------
@Article{Medipix2det2002,
  Author = {Llopart, X. and Campbell, M. and Dinapoli, R. and San Segundo, D. and Pernigotti, E.},
  Title = {{Medipix2: A 64-k pixel readout chip with 55 um square elements working in single photon counting mode}},
  Year = {2002},
  Journal = {{IEEE Trans. Nucl. Sci.}},
  Volume = {NS-49},
  Number = {5},
  Pages = {2279--2283},
  doi = {10.1109/TNS.2002.803788},
  url = {http://dx.doi.org/10.1109/TNS.2002.803788},
  Annote = {The Medipix2 detector paper.}
}

@Article{Timepix2007,
  Annote = {{The original Timepix detector paper.}},
  Author={Llopart, X. and Ballabriga, R. and Campbell, M. and Tlustos, L. and Wong, W.},
  Title={{Timepix, a 65k programmable pixel readout chip for arrival time, energy and/or photon counting measurements}},
  Year={2007},
  Journal={{Nucl. Instr. and Meth. A}},
  Volume={581},
  Pages={485--494},
  doi = {10.1016/j.nima.2007.08.079},
  url={http://dx.doi.org/10.1016/j.nima.2007.08.079}
}
%------------------------------------------------------------------------------
@article{TimepixErratum2008,
  Author = {Llopart, X. and Ballabriga, R. and Campbell, M. and Tlustos, L. and Wong, W.},
  Title = {{Erratum to ``Timepix, a 65k programmable pixel readout chip for arrival time, energy and/or photon counting measurements'' [Nucl. Instr. and Meth. A. 581 (2007) 485–494]}},
  Journal={{Nucl. Instr. and Meth. A}},
  Volume = {585},
  Number = {1--2},
  Pages = {{106--108}},
  Year = {2008},
  issn = {0168-9002},
  doi = {10.1016/j.nima.2007.11.003},
  url = {http://dx.doi.org/10.1016/j.nima.2007.11.003},
  Annote = {{Corrections to the original Timepix paper.}}
}

@Article{Jakubek2008,
  Author = {Jak\r{u}bek, J. and others},
  Title = {{Pixel detectors for imaging with heavy charged particles}},
  Year = {2008},
  Journal = {{Nucl. Instr. and Meth. A}},
  Volume = {591},
  Pages = {155--158},
  doi = {10.1016/j.nima.2008.03.091},
  url = {http://dx.doi.org/10.1016/j.nima.2008.03.091},
  Annote = {Jakubek et al.'s first paper on Timepix calibration.}
}

@Article{Jakubek2011,
  Author = {Jak\r{u}bek, J. and others},
  Title = {{Precise energy calibration of pixel detector working in time-over-threshold mode}},
  Year = {2011},
  Journal = {{Nucl. Instr. and Meth. A}},
  Volume = {633},
  Pages = {S262--S266},
  doi = {10.1016/j.nima.2010.06.183},
  url = {http://dx.doi.org/10.1016/j.nima.2010.06.183},
  Annote = {Jakubek et al.'s precision Timepix calibration work.}
}

@Article{MoEDAL2009,
  Author = {{The MoEDAL Collaboration}},
  Title = {{Technical Design Report of the Moedal Experiment}},
  Year = {2009},
  Journal = {{CERN-LHCC-2009-006}},
  Volume = {{https://cds.cern.ch/record/1181486}},
  url = {https://cds.cern.ch/record/1181486},
  Annote = {{The MoEDAL Technical Design Report.}}
}

@article{MoEDAL2016a,
  Author = {{The MoEDAL Collaboration}},
  Journal = {JHEP},
  Volume = {2016},
  Pages = {67},
  Title = {{Search for magnetic monopoles with the MoEDAL prototype trapping detector in 8 TeV proton-proton collisions at the LHC}},
  Year = {2016},
  Doi = {10.1007/JHEP08(2016)067},
  Url = {http://doi.org/10.1007/JHEP08(2016)067},
  Annote = {MoEDAL's MMT results (8 TeV).*}
}

@article{GridPP2006,
   author = {{The GridPP Collaboration}},
    title = {{GridPP: Development of the UK Computing Grid for Particle Physics}},
  journal = {J. Phys. G},
     year = {2006},
   volume = {32},
    pages = {N1--N20},
      url = {http://dx/doi.org/10.1088/0954-3899/32/1/N01},
      doi = {10.1088/0954-3899/32/1/N01},
    annote = {The key paper to cite for GridPP-related work.}
}

@article{GridPP2009,
   author = {Britton, D. and others},
    title = {{GridPP: the UK grid for particle physics}},
  journal = {Phil. Trans. R. Soc. A},
     year = {2009},
   volume = {367},
    pages = {2447--2457},
      doi = {10.1098/rsta.2009.0036},
      url = {http://dx.doi.org/10.1098/rsta.2009.0036},
   annote = {The other key paper to cite for GridPP-related work.}
}

@Article{Whyntie2013,
  Author = {Whyntie, T. and others},
  Title = {{Investigating the inverse square law with the Timepix hybrid silicon pixel detector: a CERN@school demonstration experiment}},
  Year = {2013},
  Journal = {{Phys. Educ.}},
  Volume = {48},
  Pages = {344--349},
  doi = {10.1088/0031-9120/48/3/344},
  url = {http://dx.doi.org/10.1088/0031-9120/48/3/344},
  Annote = {{The inverse square law demonstration experiment.*}}
}

@Article{Whyntie2014,
  Author = {Whyntie, T. and Harrison, M. A.},
  Title = {{Simulation and analysis of the LUCID experiment in the Low Earth Orbit radiation environment}},
  Year = {2014},
  Journal = {{J. Phys.: Conf. Ser.}},
  Volume = {513},
  Pages = {022038},
  doi = {10.1088/1742-6596/513/2/022038},
  url = {http://dx.doi.org/10.1088/1742-6596/513/2/022038},
  note = {20th International Conference on Computing in High Energy and Nuclear Physics},
  Annote = {First simulations of LUCID in LEO (CHEP 2013).*}
}

@Article{Whyntie2015a,
  Author = {Whyntie, T. and Harrison, M. A.},
  Title = {{Full simulation of the LUCID experiment in the Low Earth Orbit radiation environment}},
  Year = {2015},
  Journal = {{JINST}},
  Volume = {10},
  Pages = {C03043},
  doi = {10.1088/1748-0221/10/03/C03043},
  url = {http://dx.doi.org/10.1088/1748-0221/10/03/C03043},
  note = {16th International Workshop on Radiation Imaging Detectors (IWORID)},
  Annote = {{Full simulations of LUCID in LEO (iWORID 2014).*}}
}

@Article{Whyntie2015b,
  Author = {Whyntie, T. and others},
  Title = {{CERN@school: demonstrating physics with the Timepix detector}},
  Year = {2015},
  Journal = {{Contemporary Physics}},
  Volume = {DOI: 10.1080/00107514.2015.1045193},
  doi = {10.1080/00107514.2015.1045193},
  url = {http://dx.doi.org/10.1080/00107514.2015.1045193},
  Annote = {{Three more demonstration experiments.*}}
}

@Article{Whyntie2016a,
  Author = {Whyntie, T.},
  Title = {{CERN@School: Forming Nationwide Collaborations for Physics Research in Schools}},
  Year = {2016},
  Journal = {{Nuclear Physics News}},
  Volume = {26},
  Number = {1},
  Pages = {16--19},
  doi = {10.1080/10619127.2015.1104132},
  url = {http://dx.doi.org/10.1080/10619127.2015.1104132},
  Annote = {An update in Nuclear Physics News.*}
}

@Article{Whyntie2016b,
  Author = {Whyntie, T. and others},
  Title = {{CERN@school: bringing CERN into the classroom}},
  Year = {2016},
  Journal = {{Nucl. Part. Phys. Proc.}},
  Volume = {273--275},
  Pages = {1265--1270},
  doi = {10.1016/j.nuclphysbps.2015.09.202},
  url = {http://dx.doi.org/10.1016/j.nuclphysbps.2015.09.202},
  note = {37th International Conference on High Energy Physics (ICHEP)},
  Annote = {The CERN@school overview paper (ICHEP 2014).*}
}

@article{GEANT42003,
  author = {{The GEANT4 Collaboration}},
  title =  {{GEANT4} - a simulation toolkit},
  year = {2003},
  journal = {{Nucl. Instr. and Meth. A}},
  volume = {506},
  number = {3},
  pages = {250--303},
  issn = {0168-9002},
  doi = {10.1016/S0168-9002(03)01368-8},
  url = {http://dx.doi.org/10.1016/S0168-9002(03)01368-8},
  Annote = {The main GEANT4 paper.}
}

@Article{GEANT42006,
  author = {{The GEANT4 Collaboration}},
  title  = {{GEANT4} developments and applications},
  year    = {2006},
  journal = {{IEEE Trans. Nucl. Science}},
  volume = {53},
  issue = {1},
  pages = {270--278},
  issn = {0018-9499},
  doi = {10.1109/TNS.2006.869826},
  url = {http://dx.doi.org/10.1109/TNS.2006.869826},
  Annote = {GEANT4 developments and applications.}
}

@article{Urbar2011,
  title = {{Medipix/Timepix cosmic ray tracking on BEXUS stratospheric balloon flights}},
  author = {J. Urbar and J. Scheirich and J. Jak\r{u}bek},
  journal = {{Nucl. Instr. and Meth. A}},
  volume = {633},
  number = {1},
  pages = {S206--S209},
  year = {2011},
  note = {11th International Workshop on Radiation Imaging Detectors (IWORID)},
  issn = {0168-9002},
  url = "http://dx.doi.org/10.1016/j.nima.2010.06.168",
  doi = "10.1016/j.nima.2010.06.168",
  Annote = {Cosmic balloon flights with Timepix detectors.}
}

@article{Jakubek2010,
  title = {Detection and track visualization of primary and secondary radiation in hadron therapy beams with the pixel detector {Timepix}},
  author = {J. Jak\r{u}bek and others},
  journal = {{NSS/MIC, 2010 IEEE}},
  pages = {1967--1969},
  year = {2010},
  issn = {1095-7863},
  doi = {10.1109/NSSMIC.2010.5874118},
  url = {http://dx.doi.org/10.1109/NSSMIC.2010.5874118},
  Annote = {Timepix hadron therapy fragment studies.}
}

@article{Medipix2012,
  title = {Charged particle tracking with the Timepix {ASIC}},
  author = {{The Medipix2 Collaboration}},
  journal = {{Nucl. Instr. and Meth. A}},
  volume = {661},
  number = {1},
  pages = {31--49},
  year = {2012},
  issn = {0168-9002},
  doi = {10.1016/j.nima.2011.09.021},
  url = {http://dx.doi.org/10.1016/j.nima.2011.09.021},
  Annote = {Timepix charged particle tracking.}
}

@article{Jakubek2009a,
  title = {Position-sensitive spectroscopy of ultra-cold neutrons with {Timepix} pixel detector},
  author = {J. Jak\r{u}bek and M. Platkevic and P. Schmidt-Wellenburg and P. Geltenbort and C. Plonka-Spehr and M. Daum},
  journal = {{Nucl. Instr. and Meth. A}},
  volume = {607},
  number = {1},
  pages = {45--47},
  year = {2009},
  note = {10th International Workshop on Radiation Imaging Detectors},
  issn = {0168-9002},
  doi = {10.1016/j.nima.2009.03.171},
  url = {http://dx.doi.org/10.1016/j.nima.2009.03.171},
  Annote = {Timepix for ultra-cold neutron studies.}
}

@article{Teyssier2011,
  title = {Performance of the {Medipix} and {Timepix} devices for the recognition of electron-gamma radiation fields},
  author = {C. Teyssier and J. Bouchami and F. Dallaire and J. Idárraga and C. Leroy and S. Pospísil and J. Solc and O. Scallon and Z. Vykydal},
  journal = {{Nucl. Instr. and Meth. A}},
  volume = {650},
  number = {1},
  pages = {92--97},
  year = {2011},
  note = {International Workshop on Semiconductor Pixel Detectors for Particles and Imaging 2010},
  issn = {0168-9002},
  url = {http://dx.doi.org/10.1016/j.nima.2010.12.114},
  doi = {10.1016/j.nima.2010.12.114},
  Annote = {Timepix: electrons vs. photons.}
}

@article{Esposito2011,
  title = {Energy sensitive {Timepix} silicon detector for electron imaging},
  author = {M. Esposito and J. Jak\r{u}bek and G. Mettivier and S. Pospisil and P. Russo and J. Solc},
  journal = {{Nucl. Instr. and Meth. A}},
  volume = {652},
  number = {1},
  pages = {458--461},
  year = {2011},
  note = {Symposium on Radiation Measurements and Applications (SORMA) XII 2010},
  issn = {0168-9002},
  doi = {10.1016/j.nima.2011.01.148},
  url = {http://dx.doi.org/10.1016/j.nima.2011.01.148},
  Annote = {Timepix for electron microscopy/imaging.}
}

@article{Jakubek2009b,
  title = {Fast neutron detector based on {TimePix} pixel device with micrometer spatial resolution},
  author = {J. Jak\r{u}bek and J. Uher},
  journal = {{NSS/MIC, 2009 IEEE}},
  pages = {1113--1116},
  year = {2009},
  issn = {1095-7863},
  doi = {10.1109/NSSMIC.2009.5402420},
  url = {http://dx.doi.org/10.1109/NSSMIC.2009.5402420},
  Annote = {Timepix for fast neutron studies.}
}

@article{Granja2008,
  title = {Position-, spectral- and time-sensitive spectroscopy of fission fragments with {TimePix} pixel detectors},
  author = {Granja, C. and Jak\r{u}bek, J. and Kopatch, Y. and Pospisil, S. and Telezhnikov, Sergei and Vykydal, Z.},
  journal = {{NSS '08, IEEE}},
  pages = {1659--1660},
  year = {2008},
  issn = {1095-7863},
  url = {http://dx.doi.org/10.1109/NSSMIC.2008.4774721},
  doi = {10.1109/NSSMIC.2008.4774721},
  Annote = {Timepix for fission fragment studies.}
}

@article{Bouchami2011,
  title = {Measurement of pattern recognition efficiency of tracks generated by ionizing radiation in a {Medipix2} device},
  author = {J. Bouchami and others},
  journal = {{Nucl. Instr. and Meth. A}},
  volume = {633},
  pages = {S187--S189},
  year = {2011},
  note = {11th International Workshop on Radiation Imaging Detectors (IWORID)},
  url = {http://dx.doi.org/10.1016/j.nima.2010.06.163},
  doi = {10.1016/j.nima.2010.06.163},
  Annote = {Pattern recognition with Timepix tracks.}
}

@article{Vilalta2011,
  author = {R. Vilalta and S. Kuchibhotla and R. Valerio and L. S. Pinsky},
  title = {{Development of Pattern Recognition Software for Tracks of Ionizing Radiation In Medipix2-Based TimePix Pixel Detector Devices}},
  journal = {{J. Phys. Conf. Ser.}},
  year = {2011},
  note = {18th International Conference on Computing in High Energy and Nuclear Physics},
  volume = {331},
  number = {3},
  pages = {032052},
  doi = {10.1088/1742-6596/331/3/032052},
  url = {http://dx.doi.org/10.1088/1742-6596/331/3/032052},
  Annote = {More pattern recognition for Timepix tracks.}
}

@Article{Pinsky2011,
  author = {Pinsky, L. S. and others},
  title = {Application of the {Medipix2} technology to space radiation dosimetry and hadron therapy beam monitoring},
  year = {2011},
  journal = {{Nucl. Instr. and Meth. A}},
  volume = {628},
  number = {1},
  pages = {226--229},
  issn = {0168-9002},
  note = {12th International Vienna Conference on Instrumentation},
  doi = {10.1016/j.nima.2010.06.323},
  url = {http://dx.doi.org/10.1016/j.nima.2010.06.323},
  Annote = {Timepix in space.}
}

@Article{Pinsky2012,
  author = {Pinsky, L.S. and others},
  title = {Preparing for the first {Medipix} detectors in space},
  year = {2012},
  journal = {{Aerospace Conference, 2012 IEEE}},
  pages = {1--6},
  issn = {1095-323X},
  url = {http://dx.doi.org/10.1109/AERO.2012.6187011},
  doi = {10.1109/AERO.2012.6187011},
  Annote = {Timepix in space - featuring LUCID.}
}

@article{MoEDAL2017a,
  Author = {{The MoEDAL Collaboration}},
  Journal = {Phys. Rev. Lett.},
  Volume = {118},
  Pages = {061801},
  Title = {{Search for Magnetic Monopoles with the MoEDAL Forward Trapping Detector in 13 TeV Proton-Proton collisions at the LHC}},
  Year = {2017},
  Doi = {10.1103/PhysRevLett.118.061801},
  Url = {http://doi.org/10.1103/PhysRevLett.118.061801},
  Annote = {MoEDAL's MMT results (13 TeV).*}
}
